@article{lvovsky2009optical,
  title     = {Optical quantum memory},
  author    = {Lvovsky, Alexander I and Sanders, Barry C and Tittel, Wolfgang},
  journal   = {Nature photonics},
  volume    = {3},
  number    = {12},
  pages     = {706--714},
  year      = {2009},
  publisher = {Nature Publishing Group UK London}
}
@article{duan2001long,
  title     = {Long-distance quantum communication with atomic ensembles and linear optics},
  author    = {Duan, L-M and Lukin, Mikhail D and Cirac, J Ignacio and Zoller, Peter},
  journal   = {Nature},
  volume    = {414},
  number    = {6862},
  pages     = {413--418},
  year      = {2001},
  publisher = {Nature Publishing Group UK London}
}
@article{sangouard2011quantum,
  title     = {Quantum repeaters based on atomic ensembles and linear optics},
  author    = {Sangouard, Nicolas and Simon, Christoph and De Riedmatten, Hugues and Gisin, Nicolas},
  journal   = {Reviews of Modern Physics},
  volume    = {83},
  number    = {1},
  pages     = {33},
  year      = {2011},
  publisher = {APS}
}
@article{gottesman1998theory,
  title     = {Theory of fault-tolerant quantum computation},
  author    = {Gottesman, Daniel},
  journal   = {Physical Review A},
  volume    = {57},
  number    = {1},
  pages     = {127},
  year      = {1998},
  publisher = {APS}
}
@article{campbell2017roads,
  title     = {Roads towards fault-tolerant universal quantum computation},
  author    = {Campbell, Earl T and Terhal, Barbara M and Vuillot, Christophe},
  journal   = {Nature},
  volume    = {549},
  number    = {7671},
  pages     = {172--179},
  year      = {2017},
  publisher = {Nature Publishing Group UK London}
}
@article{fowler2012surface,
  title     = {Surface codes: Towards practical large-scale quantum computation},
  author    = {Fowler, Austin G and Mariantoni, Matteo and Martinis, John M and Cleland, Andrew N},
  journal   = {Physical Review A},
  volume    = {86},
  number    = {3},
  pages     = {032324},
  year      = {2012},
  publisher = {APS}
}
@article{bruzewicz2019trapped,
  title     = {Trapped-ion quantum computing: Progress and challenges},
  author    = {Bruzewicz, Colin D and Chiaverini, John and McConnell, Robert and Sage, Jeremy M},
  journal   = {Applied Physics Reviews},
  volume    = {6},
  number    = {2},
  pages     = {021314},
  year      = {2019},
  publisher = {AIP Publishing LLC}
}
@article{kjaergaard2020superconducting,
  title     = {Superconducting qubits: Current state of play},
  author    = {Kjaergaard, Morten and Schwartz, Mollie E and Braum{\"u}ller, Jochen and Krantz, Philip and Wang, Joel I-J and Gustavsson, Simon and Oliver, William D},
  journal   = {Annual Review of Condensed Matter Physics},
  volume    = {11},
  pages     = {369--395},
  year      = {2020},
  publisher = {Annual Reviews}
}
@article{huang2020superconducting,
  title     = {Superconducting quantum computing: a review},
  author    = {Huang, He-Liang and Wu, Dachao and Fan, Daojin and Zhu, Xiaobo},
  journal   = {Science China Information Sciences},
  volume    = {63},
  pages     = {1--32},
  year      = {2020},
  publisher = {Springer}
}
@article{yang2016efficient,
  title     = {An efficient quantum light--matter interface with sub-second lifetime},
  author    = {Yang, Sheng-Jun and Wang, Xu-Jie and Bao, Xiao-Hui and Pan, Jian-Wei},
  journal   = {Nature Photonics},
  volume    = {10},
  number    = {6},
  pages     = {381--384},
  year      = {2016},
  publisher = {Nature Publishing Group UK London}
}
@article{wang2019efficient,
  title     = {Efficient quantum memory for single-photon polarization qubits},
  author    = {Wang, Yunfei and Li, Jianfeng and Zhang, Shanchao and Su, Keyu and Zhou, Yiru and Liao, Kaiyu and Du, Shengwang and Yan, Hui and Zhu, Shi-Liang},
  journal   = {Nature Photonics},
  volume    = {13},
  number    = {5},
  pages     = {346--351},
  year      = {2019},
  publisher = {Nature Publishing Group UK London}
}
@article{jiang2019experimental,
  title     = {Experimental realization of 105-qubit random access quantum memory},
  author    = {Jiang, N and Pu, Y-F and Chang, W and Li, C and Zhang, S and Duan, L-M},
  journal   = {npj Quantum Information},
  volume    = {5},
  number    = {1},
  pages     = {28},
  year      = {2019},
  publisher = {Nature Publishing Group UK London}
}
@article{ortu2022storage,
  title     = {Storage of photonic time-bin qubits for up to 20 ms in a rare-earth doped crystal},
  author    = {Ortu, Antonio and Holz{\"a}pfel, Adrian and Etesse, Jean and Afzelius, Mikael},
  journal   = {npj Quantum Information},
  volume    = {8},
  number    = {1},
  pages     = {29},
  year      = {2022},
  publisher = {Nature Publishing Group UK London}
}
@article{lago2021telecom,
  title     = {Telecom-heralded entanglement between multimode solid-state quantum memories},
  author    = {Lago-Rivera, Dario and Grandi, Samuele and Rakonjac, Jelena V and Seri, Alessandro and de Riedmatten, Hugues},
  journal   = {Nature},
  volume    = {594},
  number    = {7861},
  pages     = {37--40},
  year      = {2021},
  publisher = {Nature Publishing Group UK London}
}
@article{zhong2015optically,
  title     = {Optically addressable nuclear spins in a solid with a six-hour coherence time},
  author    = {Zhong, Manjin and Hedges, Morgan P and Ahlefeldt, Rose L and Bartholomew, John G and Beavan, Sarah E and Wittig, Sven M and Longdell, Jevon J and Sellars, Matthew J},
  journal   = {Nature},
  volume    = {517},
  number    = {7533},
  pages     = {177--180},
  year      = {2015},
  publisher = {Nature Publishing Group UK London}
}
@article{bradley2019ten,
  title     = {A ten-qubit solid-state spin register with quantum memory up to one minute},
  author    = {Bradley, Conor E and Randall, Joe and Abobeih, Mohamed H and Berrevoets, RC and Degen, MJ and Bakker, Michiel A and Markham, Matthew and Twitchen, DJ and Taminiau, Tim H},
  journal   = {Physical Review X},
  volume    = {9},
  number    = {3},
  pages     = {031045},
  year      = {2019},
  publisher = {APS}
}
@article{wang2021single,
  title     = {Single ion qubit with estimated coherence time exceeding one hour},
  author    = {Wang, Pengfei and Luan, Chun-Yang and Qiao, Mu and Um, Mark and Zhang, Junhua and Wang, Ye and Yuan, Xiao and Gu, Mile and Zhang, Jingning and Kim, Kihwan},
  journal   = {Nature communications},
  volume    = {12},
  number    = {1},
  pages     = {233},
  year      = {2021},
  publisher = {Nature Publishing Group UK London}
}
@article{blinov2004observation,
  title     = {Observation of entanglement between a single trapped atom and a single photon},
  author    = {Blinov, Boris B and Moehring, David L and Duan, L-M and Monroe, Chris},
  journal   = {Nature},
  volume    = {428},
  number    = {6979},
  pages     = {153--157},
  year      = {2004},
  publisher = {Nature Publishing Group UK London}
}
@article{stute2012tunable,
  title     = {Tunable ion--photon entanglement in an optical cavity},
  author    = {Stute, A and Casabone, B and Schindler, P and Monz, T and Schmidt, PO and Brandst{\"a}tter, B and Northup, TE and Blatt, R},
  journal   = {Nature},
  volume    = {485},
  number    = {7399},
  pages     = {482--485},
  year      = {2012},
  publisher = {Nature Publishing Group UK London}
}
@article{hucul2015modular,
  title     = {Modular entanglement of atomic qubits using photons and phonons},
  author    = {Hucul, David and Inlek, Ismail V and Vittorini, Grahame and Crocker, Clayton and Debnath, Shantanu and Clark, Susan M and Monroe, Christopher},
  journal   = {Nature Physics},
  volume    = {11},
  number    = {1},
  pages     = {37--42},
  year      = {2015},
  publisher = {Nature Publishing Group UK London}
}
@article{bock2018high,
  title     = {High-fidelity entanglement between a trapped ion and a telecom photon via quantum frequency conversion},
  author    = {Bock, Matthias and Eich, Pascal and Kucera, Stephan and Kreis, Matthias and Lenhard, Andreas and Becher, Christoph and Eschner, J{\"u}rgen},
  journal   = {Nature communications},
  volume    = {9},
  number    = {1},
  pages     = {1998},
  year      = {2018},
  publisher = {Nature Publishing Group UK London}
}
@article{krutyanskiy2019light,
  title     = {Light-matter entanglement over 50 km of optical fibre},
  author    = {Krutyanskiy, V and Meraner, M and Schupp, J and Krcmarsky, V and Hainzer, H and Lanyon, BP},
  journal   = {npj Quantum Information},
  volume    = {5},
  number    = {1},
  pages     = {72},
  year      = {2019},
  publisher = {Nature Publishing Group UK London}
}
@article{duan2004scalable,
  title   = {Scalable trapped ion quantum computation with a probabilistic ion-photon mapping},
  author  = {Duan, L-M and Blinov, Boris B and Moehring, David L and Monroe, C},
  journal = {arXiv preprint quant-ph/0401020},
  year    = {2004}
}
@article{duan2010colloquium,
  title     = {Colloquium: Quantum networks with trapped ions},
  author    = {Duan, L-M and Monroe, Christopher},
  journal   = {Reviews of Modern Physics},
  volume    = {82},
  number    = {2},
  pages     = {1209},
  year      = {2010},
  publisher = {APS}
}
@article{pagano2018cryogenic,
  title     = {Cryogenic trapped-ion system for large scale quantum simulation},
  author    = {Pagano, Guido and Hess, PW and Kaplan, HB and Tan, WL and Richerme, Phil and Becker, Patrick and Kyprianidis, Antonis and Zhang, Jiehang and Birckelbaw, Eric and Hernandez, MR and others},
  journal   = {Quantum Science and Technology},
  volume    = {4},
  number    = {1},
  pages     = {014004},
  year      = {2018},
  publisher = {IOP Publishing}
}
@article{li2023probing,
  title     = {Probing critical behavior of long-range transverse-field Ising model through quantum Kibble-Zurek mechanism},
  author    = {Li, B-W and Wu, Y-K and Mei, Q-X and Yao, R and Lian, W-Q and Cai, M-L and Wang, Y and Qi, B-X and Yao, L and He, L and others},
  journal   = {PRX Quantum},
  volume    = {4},
  number    = {1},
  pages     = {010302},
  year      = {2023},
  publisher = {APS}
}
@article{egan2021fault,
  title     = {Fault-tolerant control of an error-corrected qubit},
  author    = {Egan, Laird and Debroy, Dripto M and Noel, Crystal and Risinger, Andrew and Zhu, Daiwei and Biswas, Debopriyo and Newman, Michael and Li, Muyuan and Brown, Kenneth R and Cetina, Marko and others},
  journal   = {Nature},
  volume    = {598},
  number    = {7880},
  pages     = {281--286},
  year      = {2021},
  publisher = {Nature Publishing Group UK London}
}
@article{postler2022demonstration,
  title     = {Demonstration of fault-tolerant universal quantum gate operations},
  author    = {Postler, Lukas and Heu$\beta$en, Sascha and Pogorelov, Ivan and Rispler, Manuel and Feldker, Thomas and Meth, Michael and Marciniak, Christian D and Stricker, Roman and Ringbauer, Martin and Blatt, Rainer and others},
  journal   = {Nature},
  volume    = {605},
  number    = {7911},
  pages     = {675--680},
  year      = {2022},
  publisher = {Nature Publishing Group UK London}
}
@article{ryan2022implementing,
  title   = {Implementing fault-tolerant entangling gates on the five-qubit code and the color code},
  author  = {Ryan-Anderson, C and Brown, NC and Allman, MS and Arkin, B and Asa-Attuah, G and Baldwin, C and Berg, J and Bohnet, JG and Braxton, S and Burdick, N and others},
  journal = {arXiv preprint arXiv:2208.01863},
  year    = {2022}
}
@article{wineland1998experimental,
  title     = {Experimental issues in coherent quantum-state manipulation of trapped atomic ions},
  author    = {Wineland, David J and Monroe, Christopher and Itano, Wayne M and Leibfried, Dietrich and King, Brian E and Meekhof, Dawn M},
  journal   = {Journal of research of the National Institute of Standards and Technology},
  volume    = {103},
  number    = {3},
  pages     = {259},
  year      = {1998},
  publisher = {National Institute of Standards and Technology}
}
@article{leibfried2003quantum,
  title     = {Quantum dynamics of single trapped ions},
  author    = {Leibfried, Dietrich and Blatt, Rainer and Monroe, Christopher and Wineland, David},
  journal   = {Reviews of Modern Physics},
  volume    = {75},
  number    = {1},
  pages     = {281},
  year      = {2003},
  publisher = {APS}
}
@article{qiao2021double,
  title     = {Double-electromagnetically-induced-transparency ground-state cooling of stationary two-dimensional ion crystals},
  author    = {Qiao, Mu and Wang, Ye and Cai, Zhengyang and Du, Botao and Wang, Pengfei and Luan, Chunyang and Chen, Wentao and Noh, Heung-Ryoul and Kim, Kihwan},
  journal   = {Physical Review Letters},
  volume    = {126},
  number    = {2},
  pages     = {023604},
  year      = {2021},
  publisher = {APS}
}
@article{feng2020efficient,
  title     = {Efficient ground-state cooling of large trapped-ion chains with an electromagnetically-induced-transparency tripod scheme},
  author    = {Feng, L and Tan, WL and De, A and Menon, A and Chu, A and Pagano, Guido and Monroe, Christopher},
  journal   = {Physical Review Letters},
  volume    = {125},
  number    = {5},
  pages     = {053001},
  year      = {2020},
  publisher = {APS}
}
@article{joshi2020polarization,
  title     = {Polarization-gradient cooling of 1D and 2D ion Coulomb crystals},
  author    = {Joshi, MK and Fabre, Aude and Maier, C and Brydges, T and Kiesenhofer, D and Hainzer, H and Blatt, R and Roos, CF},
  journal   = {New Journal of Physics},
  volume    = {22},
  number    = {10},
  pages     = {103013},
  year      = {2020},
  publisher = {IOP Publishing}
}
@article{chen2017sympathetic,
  title     = {Sympathetic ground state cooling and time-dilation shifts in an al 27+ optical clock},
  author    = {Chen, J-S and Brewer, Samuel M and Chou, CW and Wineland, DJ and Leibrandt, DR and Hume, DB},
  journal   = {Physical Review Letters},
  volume    = {118},
  number    = {5},
  pages     = {053002},
  year      = {2017},
  publisher = {APS}
}
@article{blinov2002sympathetic,
  title     = {Sympathetic cooling of trapped Cd+ isotopes},
  author    = {Blinov, BB and Deslauriers, L and Lee, P and Madsen, MJ and Miller, R and Monroe, C},
  journal   = {Physical Review A},
  volume    = {65},
  number    = {4},
  pages     = {040304},
  year      = {2002},
  publisher = {APS}
}
@article{barrett2003sympathetic,
  title     = {Sympathetic cooling of 9 Be+ and 24 Mg+ for quantum logic},
  author    = {DeMarco, B and Schaetz, T and Meyer, V and Leibfried, D and Britton, J and Chiaverini, J and Itano, WM and Jelenkovi{\'c}, B and Jost, JD and others},
  journal   = {Physical Review A},
  volume    = {68},
  number    = {4},
  pages     = {042302},
  year      = {2003},
  publisher = {APS}
}
@article{home2009memory,
  title     = {Memory coherence of a sympathetically cooled trapped-ion qubit},
  author    = {Home, Jonathan P and McDonnell, MJ and Szwer, DJ and Keitch, BC and Lucas, DM and Stacey, DN and Steane, AM},
  journal   = {Physical Review A},
  volume    = {79},
  number    = {5},
  pages     = {050305},
  year      = {2009},
  publisher = {APS}
}
@article{mao2021experimental,
  title     = {Experimental Realization of Multi-ion Sympathetic Cooling on a Trapped Ion Crystal},
  author    = {Mao, Z-C and Xu, Y-Z and Mei, Q-X and Zhao, W-D and Jiang, Yue and Wang, Y and Chang, X-Y and He, L and Yao, L and Zhou, Z-C and others},
  journal   = {Physical Review Letters},
  volume    = {127},
  number    = {14},
  pages     = {143201},
  year      = {2021},
  publisher = {APS}
}
@article{brown2004arbitrarily,
  title     = {Arbitrarily accurate composite pulse sequences},
  author    = {Brown, Kenneth R and Harrow, Aram W and Chuang, Isaac L},
  journal   = {Physical Review A},
  volume    = {70},
  number    = {5},
  pages     = {052318},
  year      = {2004},
  publisher = {APS}
}
@article{bando2012concatenated,
  title     = {Concatenated composite pulses compensating simultaneous systematic errors},
  author    = {Bando, Masamitsu and Ichikawa, Tsubasa and Kondo, Yasushi and Nakahara, Mikio},
  journal   = {Journal of the Physical Society of Japan},
  volume    = {82},
  number    = {1},
  pages     = {014004},
  year      = {2012},
  publisher = {The Physical Society of Japan}
}
@article{yang2022realizing,
  title     = {Realizing coherently convertible dual-type qubits with the same ion species},
  author    = {Yang, H-X and Ma, J-Y and Wu, Y-K and Wang, Ye and Cao, M-M and Guo, W-X and Huang, Y-Y and Feng, Lu and Zhou, Z-C and Duan, L-M},
  journal   = {Nature Physics},
  volume    = {18},
  number    = {9},
  pages     = {1058--1061},
  year      = {2022},
  publisher = {Nature Publishing Group UK London}
}

